@Article{A1,
author = {Kułakowski, K. and Szybowski, J.},
title = {The new triad based inconsistency indices for pairwise comparisons},
journal = {Procedia Computer Science},
year = {2014},
volume = {35},
pages = {1132--1137}
}



@Article{A2,
author = {Kułakowski, K.},
title = {Heuristic Rating Estimation Approach to The Pairwise Comparisons Method},
journal = {Fundamenta Informaticae},
year = {2014},
volume = {133},
number = {4},
pages = {367--386}
}




@Article{A3,
author = {Kułakowski, K.},
title = {A heuristic rating estimation algorithm for the pairwise comparisons method},
journal = {Central European Journal of Operations Research},
year = {2015},
volume = {23},
number = {1},
pages = {187--203}
}



@Article{A4,
author = {Kułakowski, K.},
title = {Notes on the existence of a solution in the pairwise comparisons method using the heuristic rating estimation approach},
journal = {Annals of Mathematics and Artificial Intelligence},
year = {2016},
volume = {77},
number = {1},
pages = {105-121}
}




@Book{A5,
author = {Fechner, G. T.},
title = {Elements of psychophysics},
year = {1966},
volume = {1},
address = {New York},
publisher = {Holt, Rinehart and Winston}
}


@Article{A6,
author = {Thurstone, L. L.},
title = {A law of comparative judgment, reprint of an original work published in 1927},
journal = {Psychological Review},
year = {1994},
volume = {101},
pages = {266--270}
}


@Article{A7,
author = {Saaty, T. L.},
title = {Relative Measurement and Its Generalization in Decision Making. Why Pairwise Comparisons are
Central in Mathematics for the Measurement of Intangible Factors. The Analytic Hierarchy/Network Process},
journal = {Estadística e Investigación Operativa / Statistics and Operations Research (RACSAM)},
year = {November 2008},
number = {102},
pages = {251-318}
}



@misc{A8,
author = {Kułakowski, K.},
howpublished = {\url{http://home.agh.edu.pl/~kkulak/doku.php?id=user:konrad:researchlibs:pcpackage}}
}


@Book{A9,
author = {Burnelli, M.},
title = {Introduction to the Analytic Hierarchy Process},
publisher = {SpringerBriefs in Operations Research},
year = {2015}
}


@Article{A10,
author = {Saaty, T. L.},
title = {A scaling method for priorities in hierarchical structures},
journal = {Journal of Mathematical Psychology},
year = {1977},
volume = {15},
number = {3},
pages = {234--281}
}


@Article{A11,
author = {Koczkodaj, W. W.},
title = {A new definition of consistency for pairwise comparisons},
journal = {Mathematical and Computer Modelling},
year = {1993},
volume = {18},
number = {7},
pages = {79--84}
}


@manual{A12,
organization = {AGH University of Science and Technology},
author = {Wójcik, K.},
title = {{Portal ankiet porównawczych}},
}

@Article{A13,
author = {Forman, E. H. and Peniwati, K.},
title = {Aggregating Individual Judgments and Priorities with the AHP},
journal = {European Journal of Operational Research},
year = {1998},
volume = {108},
number = {1},
pages = {165--169}
}



@Article{A14,
author = {Bana e Costa, C. A. and Vansnick, Jean-Claude},
title = {A critical analysis of the eigenvalue methodused to derive priorities in AHP},
journal = {European Journal of Operational Research},
year = {2008},
volume = {187},
number = {3},
pages = {1422--1428}
}


@misc{A15,
howpublished = {\url{https://en.wikipedia.org/wiki/Kendall_tau_distance}},
author = {Wikipedia}
}



@Article{A16,
author = {Satman, M. H.},
title = {RCaller: A Software Library for Calling R from Java},
journal = {British Journal of Mathematics & Computer Science},
year = {2014},
volume = {4},
number = {15},
pages = {2188--2196}
}
