@article{KOCZKODAJ199379,
title = "A new definition of consistency of pairwise comparisons",
journal = "Mathematical and Computer Modelling",
volume = "18",
number = "7",
pages = "79 - 84",
year = "1993",
issn = "0895-7177",
doi = "https://doi.org/10.1016/0895-7177(93)90059-8",
url = "http://www.sciencedirect.com/science/article/pii/0895717793900598",
author = "W.W. Koczkodaj"
}