@ARTICLE{RePEc:ecm:emetrp:v:45:y:1977:i:1:p:53-89,
title = {Social Choice Theory: A Re-examination},
author = {Amartya Sen},
year = {1977},
journal = {Econometrica},
volume = {45},
number = {1},
pages = {53-89},
url = {https://EconPapers.repec.org/RePEc:ecm:emetrp:v:45:y:1977:i:1:p:53-89}
}
