@article{AGUARON2003137,
title = "The geometric consistency index: Approximated thresholds",
journal = "European Journal of Operational Research",
volume = "147",
number = "1",
pages = "137 - 145",
year = "2003",
issn = "0377-2217",
doi = "https://doi.org/10.1016/S0377-2217(02)00255-2",
url = "http://www.sciencedirect.com/science/article/pii/S0377221702002552",
author = "Juan Aguaron and Jose Maria Moreno-Jimenez",
keywords = "Multicriteria, AHP, Geometric mean, Consistency, Thresholds"
}
