@book{book,
author = {Brunelli, Matteo},
year = {2015},
month = {01},
pages = {},
title = {Introduction to the Analytic Hierarchy Process}
}