@article{DBLP:journals/ijis/CavalloD10,
  author    = "Bice Cavallo and
               Livia D'Apuzzo",
  title     = "Characterizations of consistent pairwise comparison matrices over
               abelian linearly ordered groups",
  journal   = "Int. J. Intell. Syst.",
  volume    = "25",
  number    = "10",
  pages     = "1035--1059",
  year      = "2010",
  url       = "https://doi.org/10.1002/int.20438",
  doi       = "10.1002/int.20438",
  timestamp = "Tue, 06 Jun 2017 22:24:11 +0200",
  biburl    = "https://dblp.org/rec/bib/journals/ijis/CavalloD10",
  bibsource = "dblp computer science bibliography, https://dblp.org"
}

