@article {INT:INT20329,
author = {Cavallo, B. and D'Apuzzo, L.},
title = {A general unified framework for pairwise comparison matrices in multicriterial methods},
journal = {International Journal of Intelligent Systems},
volume = {24},
number = {4},
publisher = {Wiley Subscription Services, Inc., A Wiley Company},
issn = {1098-111X},
url = {http://dx.doi.org/10.1002/int.20329},
doi = {10.1002/int.20329},
pages = {377--398},
year = {2009},
}

