@article{CRAWFORD1985387,
title = "A note on the analysis of subjective judgment matrices",
journal = "Journal of Mathematical Psychology",
volume = "29",
number = "4",
pages = "387 - 405",
year = "1985",
issn = "0022-2496",
doi = "https://doi.org/10.1016/0022-2496(85)90002-1",
url = "http://www.sciencedirect.com/science/article/pii/0022249685900021",
author = "Gordon Crawford and Cindy Williams"
}