@article{DUSZAK1994273,
title = "Generalization of a new definition of consistency for pairwise comparisons",
journal = "Information Processing Letters",
volume = "52",
number = "5",
pages = "273 - 276",
year = "1994",
issn = "0020-0190",
doi = "https://doi.org/10.1016/0020-0190(94)00155-3",
url = "http://www.sciencedirect.com/science/article/pii/0020019094001553",
author = "Zbigniew Duszak and Waldemar W. Koczkodaj",
keywords = "Performance evaluation, Judgement inconsistency, Knowledge acquisition, Experts' opinions"
}