@Article{Fechner196
author="Gustav Theodor Fechner",
title="Elements of Psychophysics",
journal="Holt, Rinehart and Winston, New York",
volume="1",
year="1966"
}
