@Inbook{Golden1989,
author="Golden, Bruce L. and Wang, Qiwen",
editor="Golden, Bruce L. and Wasil, Edward A. and Harker, Patrick T.",
title="An Alternate Measure of Consistency",
bookTitle="The Analytic Hierarchy Process: Applications and Studies",
year="1989",
publisher="Springer Berlin Heidelberg",
address="Berlin, Heidelberg",
pages="68--81",
isbn="978-3-642-50244-6",
doi="10.1007/978-3-642-50244-6_5"
}

