@article{GRZYBOWSKI2016197,
title = "New results on inconsistency indices and their relationship with the quality of priority vector estimation",
journal = "Expert Systems with Applications",
volume = "43",
pages = "197 - 212",
year = "2016",
issn = "0957-4174",
doi = "https://doi.org/10.1016/j.eswa.2015.08.049",
url = "http://www.sciencedirect.com/science/article/pii/S0957417415006065",
author = "Andrzej Z. Grzybowski",
keywords = "Pairwise comparisons, Inconsistency indices, Prioritization, Priority estimates errors, AHP"
}