@article{HARKER1987353,
title = "Alternative modes of questioning in the analytic hierarchy process",
journal = "Mathematical Modelling",
volume = "9",
number = "3",
pages = "353 - 360",
year = "1987",
issn = "0270-0255",
doi = "https://doi.org/10.1016/0270-0255(87)90492-1",
url = "http://www.sciencedirect.com/science/article/pii/0270025587904921",
author = "P.T. Harker"
}