@article{article,
author = {Kazibudzki, Pawel},
year = {2016},
month = {03},
pages = {71-78},
title = {Redefinition of Triad's Inconsistency and its Impact on the Consistency Measurement of Pairwise Comparison Matrix},
volume = {2016},
booktitle = {Journal of Applied Mathematics and Computational Mechanics}
}