@article{KULAKOWSKI20141132,
title = "The New Triad based Inconsistency Indices for Pairwise Comparisons",
journal = "Procedia Computer Science",
volume = "35",
pages = "1132 - 1137",
year = "2014",
note = "Knowledge-Based and Intelligent Information \& Engineering Systems 18th Annual Conference, KES-2014 Gdynia, Poland, September 2014 Proceedings",
issn = "1877-0509",
doi = "https://doi.org/10.1016/j.procs.2014.08.205",
url = "http://www.sciencedirect.com/science/article/pii/S1877050914011703",
author = "Konrad Kulakowski and Jacek Szybowski"
}
