@Article{Kulakowski2016,
author="Ku{\l}akowski, Konrad",
title="Notes on the existence of a solution in the pairwise comparisons method using the heuristic rating estimation approach",
journal="Annals of Mathematics and Artificial Intelligence",
year="2016",
month="Jun",
day="01",
volume="77",
number="1",
pages="105--121",
doi="10.1007/s10472-015-9474-6",
url="https://doi.org/10.1007/s10472-015-9474-6"
}

