@article{Kulakowski2014hrea,
	Author = {Ku{\l}akowski, K.},
	Bibsource = {DBLP, http://dblp.uni-trier.de},
	Date-Added = {2015-09-16 16:04:58 +0000},
	Date-Modified = {2015-09-16 16:04:58 +0000},
	Doi = {10.3233/FI-2014-1081},
	Journal = {Fundamenta Informaticae},
	Pages = {367-386},
	Title = {{Heuristic Rating Estimation Approach to The Pairwise Comparisons Method}},
	Url = {http://content.iospress.com/articles/fundamenta-informaticae/fi133-4-03},
	Volume = {133},
	Year = {2014},
	Bdsk-Url-1 = {http://dx.doi.org/10.3233/FI-2014-1081}}
