@article{PELAEZ20031839,
title = "A new measure of consistency for positive reciprocal matrices",
journal = "Computers \& Mathematics with Applications",
volume = "46",
number = "12",
pages = "1839 - 1845",
year = "2003",
issn = "0898-1221",
doi = "https://doi.org/10.1016/S0898-1221(03)90240-9",
url = "http://www.sciencedirect.com/science/article/pii/S0898122103902409",
author = "J.I. Pel√°ez and M.T. Lamata",
keywords = "Reciprocal matrices, Consistency index, Eigenvalues, Preferences"
}
