@article{doi:10.1002/(SICI)1099-1360(199805)7:3<123::AID-MCDA181>3.0.CO;2-8,
author = "Barzilai Jonathan",
title = "Consistency measures for pairwise comparison matrices",
journal = "Journal of Multi-Criteria Decision Analysis",
volume = "7",
number = "3",
pages = "123-132",
keywords = "decision analysis, AHP, consistency, error measurement",
doi = "10.1002/(SICI)1099-1360(199805)7:3<123::AID-MCDA181>3.0.CO;2-8"
}

