@article{SAATY1977234,
title = "A scaling method for priorities in hierarchical structures",
journal = "Journal of Mathematical Psychology",
volume = "15",
number = "3",
pages = "234 - 281",
year = "1977",
issn = "0022-2496",
doi = "https://doi.org/10.1016/0022-2496(77)90033-5",
url = "http://www.sciencedirect.com/science/article/pii/0022249677900335",
author = "Thomas L Saaty"
}