@article{89ff0937cbc344e4995485c88eb4cba9,
title = "On the measurement of preferences in the analytic hierarchy process",
author = "Salo, Ahti and P. Hamalainen, Raimo",
year = "1997",
language = "English",
volume = "6",
pages = "309--319",
journal = "JOURNAL OF MULTI-CRITERIA DECISION ANALYSIS",
issn = "1057-9214",
publisher = "John Wiley and Sons Ltd"
}
