@article{SALO1995458,
title = "Preference programming through approximate ratio comparisons",
journal = "European Journal of Operational Research",
volume = "82",
number = "3",
pages = "458 - 475",
year = "1995",
issn = "0377-2217",
doi = "https://doi.org/10.1016/0377-2217(93)E0224-L",
url = "http://www.sciencedirect.com/science/article/pii/0377221793E0224L",
author = "Ahti A. Salo and Raimo P. Hamalainen",
keywords = "Decision analysis, Analytic hierarchy process, Multiple criteria programming"
}
