@article{STEIN2007488,
title = "The harmonic consistency index for the analytic hierarchy process",
journal = "European Journal of Operational Research",
volume = "177",
number = "1",
pages = "488 - 497",
year = "2007",
issn = "0377-2217",
doi = "https://doi.org/10.1016/j.ejor.2005.10.057",
url = "http://www.sciencedirect.com/science/article/pii/S0377221705009288",
author = "William E. Stein and Philip J. Mizzi",
keywords = "Multiple criteria analysis, AHP, Consistency index, Reciprocal matrices"
}