@Article{Thurstone1994,
author="Louis Leon Thurstone",
title="A law of comparative judgment",
journal="Psychological Review",
year="1994",
month = "Apr",
volume="101(2)",
pages="266--270"
}

