@article{KOCZKODAJ199379,
title = "A new definition of consistency of pairwise comparisons",
journal = "Mathematical and Computer Modelling",
volume = "18",
number = "7",
pages = "79 - 84",
year = "1993",
issn = "0895-7177",
doi = "https://doi.org/10.1016/0895-7177(93)90059-8",
url = "http://www.sciencedirect.com/science/article/pii/0895717793900598",
author = "W.W. Koczkodaj"
}

@ARTICLE{RePEc:ecm:emetrp:v:45:y:1977:i:1:p:53-89,
title = {Social Choice Theory: A Re-examination},
author = {Amartya Sen},
year = {1977},
journal = {Econometrica},
volume = {45},
number = {1},
pages = {53-89},
url = {https://EconPapers.repec.org/RePEc:ecm:emetrp:v:45:y:1977:i:1:p:53-89}
}

@article{AGUARON2003137,
title = "The geometric consistency index: Approximated thresholds",
journal = "European Journal of Operational Research",
volume = "147",
number = "1",
pages = "137 - 145",
year = "2003",
issn = "0377-2217",
doi = "https://doi.org/10.1016/S0377-2217(02)00255-2",
url = "http://www.sciencedirect.com/science/article/pii/S0377221702002552",
author = "Juan Aguaron and Jose Maria Moreno-Jimenez",
keywords = "Multicriteria, AHP, Geometric mean, Consistency, Thresholds"
}
@book{book,
author = {Brunelli, Matteo},
year = {2015},
month = {01},
pages = {},
title = {Introduction to the Analytic Hierarchy Process}
}

@article{DBLP:journals/ijis/CavalloD10,
  author    = "Bice Cavallo and
               Livia D'Apuzzo",
  title     = "Characterizations of consistent pairwise comparison matrices over
               abelian linearly ordered groups",
  journal   = "Int. J. Intell. Syst.",
  volume    = "25",
  number    = "10",
  pages     = "1035--1059",
  year      = "2010",
  url       = "https://doi.org/10.1002/int.20438",
  doi       = "10.1002/int.20438",
  timestamp = "Tue, 06 Jun 2017 22:24:11 +0200",
  biburl    = "https://dblp.org/rec/bib/journals/ijis/CavalloD10",
  bibsource = "dblp computer science bibliography, https://dblp.org"
}

@article {INT:INT20329,
author = {Cavallo, B. and D'Apuzzo, L.},
title = {A general unified framework for pairwise comparison matrices in multicriterial methods},
journal = {International Journal of Intelligent Systems},
volume = {24},
number = {4},
publisher = {Wiley Subscription Services, Inc., A Wiley Company},
issn = {1098-111X},
url = {http://dx.doi.org/10.1002/int.20329},
doi = {10.1002/int.20329},
pages = {377--398},
year = {2009},
}

@article{CRAWFORD1985387,
title = "A note on the analysis of subjective judgment matrices",
journal = "Journal of Mathematical Psychology",
volume = "29",
number = "4",
pages = "387 - 405",
year = "1985",
issn = "0022-2496",
doi = "https://doi.org/10.1016/0022-2496(85)90002-1",
url = "http://www.sciencedirect.com/science/article/pii/0022249685900021",
author = "Gordon Crawford and Cindy Williams"
}

@article{DUSZAK1994273,
title = "Generalization of a new definition of consistency for pairwise comparisons",
journal = "Information Processing Letters",
volume = "52",
number = "5",
pages = "273 - 276",
year = "1994",
issn = "0020-0190",
doi = "https://doi.org/10.1016/0020-0190(94)00155-3",
url = "http://www.sciencedirect.com/science/article/pii/0020019094001553",
author = "Zbigniew Duszak and Waldemar W. Koczkodaj",
keywords = "Performance evaluation, Judgement inconsistency, Knowledge acquisition, Experts' opinions"
}

@article{SAATY1998121,
title = "Ranking by Eigenvector versus other methods in the Analytic Hierarchy Process",
journal = "Applied Mathematics Letters",
volume = "11",
number = "4",
pages = "121 - 125",
year = "1998",
issn = "0893-9659",
doi = "https://doi.org/10.1016/S0893-9659(98)00068-8",
url = "http://www.sciencedirect.com/science/article/pii/S0893965998000688",
author = "T.L. Saaty and G. Hu",
keywords = "Pairwise-comparison, Eigenvector, Logarithmic least squares, Transitivity, Decision making",
}

@Article{Fechner196
author="Gustav Theodor Fechner",
title="Elements of Psychophysics",
journal="Holt, Rinehart and Winston, New York",
volume="1",
year="1966"
}

@article{GRZYBOWSKI2016197,
title = "New results on inconsistency indices and their relationship with the quality of priority vector estimation",
journal = "Expert Systems with Applications",
volume = "43",
pages = "197 - 212",
year = "2016",
issn = "0957-4174",
doi = "https://doi.org/10.1016/j.eswa.2015.08.049",
url = "http://www.sciencedirect.com/science/article/pii/S0957417415006065",
author = "Andrzej Z. Grzybowski",
keywords = "Pairwise comparisons, Inconsistency indices, Prioritization, Priority estimates errors, AHP"
}

@article{HARKER1987353,
title = "Alternative modes of questioning in the analytic hierarchy process",
journal = "Mathematical Modelling",
volume = "9",
number = "3",
pages = "353 - 360",
year = "1987",
issn = "0270-0255",
doi = "https://doi.org/10.1016/0270-0255(87)90492-1",
url = "http://www.sciencedirect.com/science/article/pii/0270025587904921",
author = "P.T. Harker"
}

@Article{Kulakowski2016,
author="Ku{\l}akowski, Konrad",
title="Notes on the existence of a solution in the pairwise comparisons method using the heuristic rating estimation approach",
journal="Annals of Mathematics and Artificial Intelligence",
year="2016",
month="Jun",
day="01",
volume="77",
number="1",
pages="105--121",
doi="10.1007/s10472-015-9474-6",
url="https://doi.org/10.1007/s10472-015-9474-6"
}

@article{Kulakowski2014hrea,
	Author = {Ku{\l}akowski, K.},
	Bibsource = {DBLP, http://dblp.uni-trier.de},
	Date-Added = {2015-09-16 16:04:58 +0000},
	Date-Modified = {2015-09-16 16:04:58 +0000},
	Doi = {10.3233/FI-2014-1081},
	Journal = {Fundamenta Informaticae},
	Pages = {367-386},
	Title = {{Heuristic Rating Estimation Approach to The Pairwise Comparisons Method}},
	Url = {http://content.iospress.com/articles/fundamenta-informaticae/fi133-4-03},
	Volume = {133},
	Year = {2014},
	Bdsk-Url-1 = {http://dx.doi.org/10.3233/FI-2014-1081}
}

@article{KULAKOWSKI20141132,
title = "The New Triad based Inconsistency Indices for Pairwise Comparisons",
journal = "Procedia Computer Science",
volume = "35",
pages = "1132 - 1137",
year = "2014",
note = "Knowledge-Based and Intelligent Information \& Engineering Systems 18th Annual Conference, KES-2014 Gdynia, Poland, September 2014 Proceedings",
issn = "1877-0509",
doi = "https://doi.org/10.1016/j.procs.2014.08.205",
url = "http://www.sciencedirect.com/science/article/pii/S1877050914011703",
author = "Konrad Kulakowski and Jacek Szybowski"
}

@Article{Colomer2013,
author="Colomer, Josep M.",
title="Ramon Llull: from `Ars electionis' to social choice theory",
journal="Social Choice and Welfare",
year="2013",
month="Feb",
day="01",
volume="40",
number="2",
pages="317--328",
issn="1432-217X",
doi="10.1007/s00355-011-0598-2",
url="https://doi.org/10.1007/s00355-011-0598-2"
}

@Article{Brunelli2013,
  Title                    = {Inconsistency indices for pairwise comparison matrices: a numerical study},
  Author                   = {Brunelli, Matteo
and Canal, Luisa
and Fedrizzi, Michele},
  Journal                  = {Annals of Operations Research},
  Year                     = {2013},
  Month                    = {Dec},
  Number                   = {1},
  Pages                    = {493--509},
  Volume                   = {211},
  Day                      = {01},
  Doi                      = {10.1007/s10479-013-1329-0},
  ISSN                     = {1572-9338},
  Url                      = {https://doi.org/10.1007/s10479-013-1329-0}
}

@Article{article,
  Title                    = {Redefinition of Triad's Inconsistency and its Impact on the Consistency Measurement of Pairwise Comparison Matrix},
  Author                   = {Kazibudzki, Pawel},
  Year                     = {2016},
  Month                    = {03},
  Pages                    = {71-78},
  Volume                   = {2016},
  Booktitle                = {Journal of Applied Mathematics and Computational Mechanics}
}

@Article{DBLP:journals/corr/Kazibudzki17,
  Title                    = {The quality of priority ratios estimation in relation to a selected
 prioritization procedure and consistency measure for a Pairwise Comparison
 Matrix},
  Author                   = {Paul Thaddeus Kazibudzki},
  Journal                  = {CoRR},
  Year                     = {2017},
  Volume                   = {abs/1704.01944},
  Archiveprefix            = {arXiv},
  Bibsource                = {dblp computer science bibliography, https://dblp.org},
  Biburl                   = {https://dblp.org/rec/bib/journals/corr/Kazibudzki17},
  Eprint                   = {1704.01944},
  Timestamp                = {Wed, 07 Jun 2017 14:40:04 +0200},
  Url                      = {http://arxiv.org/abs/1704.01944}
}

@Article{DBLP:journals/corr/Kulakowski17,
  Title                    = {Inconsistency in the ordinal pairwise comparisons method with and
 without ties},
  Author                   = {Konrad Kulakowski},
  Journal                  = {CoRR},
  Year                     = {2017},
  Volume                   = {abs/1702.01126},
  Archiveprefix            = {arXiv},
  Bibsource                = {dblp computer science bibliography, https://dblp.org},
  Biburl                   = {https://dblp.org/rec/bib/journals/corr/Kulakowski17},
  Eprint                   = {1702.01126},
  Timestamp                = {Wed, 07 Jun 2017 14:40:07 +0200},
  Url                      = {http://arxiv.org/abs/1702.01126}
}

@Inbook{Golden1989,
author="Golden, Bruce L. and Wang, Qiwen",
editor="Golden, Bruce L. and Wasil, Edward A. and Harker, Patrick T.",
title="An Alternate Measure of Consistency",
bookTitle="The Analytic Hierarchy Process: Applications and Studies",
year="1989",
publisher="Springer Berlin Heidelberg",
address="Berlin, Heidelberg",
pages="68--81",
isbn="978-3-642-50244-6",
}

@article{PELAEZ20031839,
title = "A new measure of consistency for positive reciprocal matrices",
journal = "Computers \& Mathematics with Applications",
volume = "46",
number = "12",
pages = "1839 - 1845",
year = "2003",
issn = "0898-1221",
doi = "https://doi.org/10.1016/S0898-1221(03)90240-9",
url = "http://www.sciencedirect.com/science/article/pii/S0898122103902409",
author = "J.I. Peláez and M.T. Lamata",
keywords = "Reciprocal matrices, Consistency index, Eigenvalues, Preferences"
}

@article{doi:10.1002/(SICI)1099-1360(199805)7:3<123::AID-MCDA181>3.0.CO;2-8,
author = "Barzilai Jonathan",
title = "Consistency measures for pairwise comparison matrices",
journal = "Journal of Multi-Criteria Decision Analysis",
volume = "7",
number = "3",
pages = "123-132",
keywords = "decision analysis, AHP, consistency, error measurement",
doi = "10.1002/(SICI)1099-1360(199805)7:3<123::AID-MCDA181>3.0.CO;2-8"
}

@Article{Saaty2008,
author="Saaty, Thomas L.",
title="Relative measurement and its generalization in decision making why pairwise comparisons are central in mathematics for the measurement of intangible factors the analytic hierarchy/network process",
journal="RACSAM - Revista de la Real Academia de Ciencias Exactas, Fisicas y Naturales. Serie A. Matematicas",
year="2008",
month="Sep",
day="01",
volume="102",
number="2",
pages="251--318",
issn="1579-1505",
doi="10.1007/BF03191825",
url="https://doi.org/10.1007/BF03191825"
}

@article{SAATY1977234,
title = "A scaling method for priorities in hierarchical structures",
journal = "Journal of Mathematical Psychology",
volume = "15",
number = "3",
pages = "234 - 281",
year = "1977",
issn = "0022-2496",
doi = "https://doi.org/10.1016/0022-2496(77)90033-5",
url = "http://www.sciencedirect.com/science/article/pii/0022249677900335",
author = "Thomas L Saaty"
}

@article{89ff0937cbc344e4995485c88eb4cba9,
title = "On the measurement of preferences in the analytic hierarchy process",
author = "Salo, Ahti and P. Hamalainen, Raimo",
year = "1997",
language = "English",
volume = "6",
pages = "309--319",
journal = "JOURNAL OF MULTI-CRITERIA DECISION ANALYSIS",
issn = "1057-9214",
publisher = "John Wiley and Sons Ltd"
}

@article{SALO1995458,
title = "Preference programming through approximate ratio comparisons",
journal = "European Journal of Operational Research",
volume = "82",
number = "3",
pages = "458 - 475",
year = "1995",
issn = "0377-2217",
doi = "https://doi.org/10.1016/0377-2217(93)E0224-L",
url = "http://www.sciencedirect.com/science/article/pii/0377221793E0224L",
author = "Ahti A. Salo and Raimo P. Hamalainen",
keywords = "Decision analysis, Analytic hierarchy process, Multiple criteria programming"
}

@article{STEIN2007488,
title = "The harmonic consistency index for the analytic hierarchy process",
journal = "European Journal of Operational Research",
volume = "177",
number = "1",
pages = "488 - 497",
year = "2007",
issn = "0377-2217",
doi = "https://doi.org/10.1016/j.ejor.2005.10.057",
url = "http://www.sciencedirect.com/science/article/pii/S0377221705009288",
author = "William E. Stein and Philip J. Mizzi",
keywords = "Multiple criteria analysis, AHP, Consistency index, Reciprocal matrices"
}

@Article{Thurstone1994,
author="Louis Leon Thurstone",
title="A law of comparative judgment",
journal="Psychological Review",
year="1994",
month = "Apr",
volume="101(2)",
pages="266--270"
}

@ARTICLE{Arrow,
title = {A Difficulty in the Concept of Social Welfare},
author = {Arrow, Kenneth},
year = {1950},
journal = {Journal of Political Economy},
volume = {58},
url = {https://EconPapers.repec.org/RePEc:ucp:jpolec:v:58:y:1950:p:328}
}